@article{DBLP:journals/corr/abs-1804-06919,
  author    = {Chao{-}Yuan Wu and
               Nayan Singhal and
               Philipp Kr{\"{a}}henb{\"{u}}hl},
  title     = {Video Compression through Image Interpolation},
  journal   = {CoRR},
  volume    = {abs/1804.06919},
  year      = {2018},
  url       = {http://arxiv.org/abs/1804.06919},
  archivePrefix = {arXiv},
  eprint    = {1804.06919},
  timestamp = {Wed, 02 May 2018 15:55:01 +0200},
  biburl    = {https://dblp.org/rec/bib/journals/corr/abs-1804-06919},
  bibsource = {dblp computer science bibliography, https://dblp.org}
}

@article{DBLP:journals/corr/abs-1804-09869,
  author    = {Zhibo Chen and
               Tianyu He and
               Xin Jin and
               Feng Wu},
  title     = {Learning for Video Compression},
  journal   = {CoRR},
  volume    = {abs/1804.09869},
  year      = {2018},
  url       = {http://arxiv.org/abs/1804.09869},
  archivePrefix = {arXiv},
  eprint    = {1804.09869},
  timestamp = {Wed, 02 May 2018 15:55:01 +0200},
  biburl    = {https://dblp.org/rec/bib/journals/corr/abs-1804-09869},
  bibsource = {dblp computer science bibliography, https://dblp.org}
}

@article{LeGall,
 author = {Le Gall, Didier},
 title = {{MPEG}: A Video Compression Standard for Multimedia Applications},
 journal = {Commun. ACM},
 issue_date = {April 1991},
 volume = {34},
 number = {4},
 month = apr,
 year = {1991},
 issn = {0001-0782},
 pages = {46--58},
 numpages = {13},
 url = {http://doi.acm.org/10.1145/103085.103090},
 doi = {10.1145/103085.103090},
 acmid = {103090},
 publisher = {ACM},
 address = {New York, NY, USA},
}

@article{DBLP:journals/corr/TodericiVJHMSC16,
  author    = {George Toderici and
               Damien Vincent and
               Nick Johnston and
               Sung Jin Hwang and
               David Minnen and
               Joel Shor and
               Michele Covell},
  title     = {Full Resolution Image Compression with Recurrent Neural Networks},
  journal   = {CoRR},
  volume    = {abs/1608.05148},
  year      = {2016},
  url       = {http://arxiv.org/abs/1608.05148},
  archivePrefix = {arXiv},
  eprint    = {1608.05148},
  timestamp = {Wed, 07 Jun 2017 14:42:29 +0200},
  biburl    = {https://dblp.org/rec/bib/journals/corr/TodericiVJHMSC16},
  bibsource = {dblp computer science bibliography, https://dblp.org}
}

@article{DBLP:journals/corr/TodericiOHVMBCS15,
  author    = {George Toderici and
               Sean M. O'Malley and
               Sung Jin Hwang and
               Damien Vincent and
               David Minnen and
               Shumeet Baluja and
               Michele Covell and
               Rahul Sukthankar},
  title     = {Variable Rate Image Compression with Recurrent Neural Networks},
  journal   = {CoRR},
  volume    = {abs/1511.06085},
  year      = {2015},
  url       = {http://arxiv.org/abs/1511.06085},
  archivePrefix = {arXiv},
  eprint    = {1511.06085},
  timestamp = {Wed, 07 Jun 2017 14:42:31 +0200},
  biburl    = {https://dblp.org/rec/bib/journals/corr/TodericiOHVMBCS15},
  bibsource = {dblp computer science bibliography, https://dblp.org}
}

@article{Minnen,
  author    = {
               David Minnen and
               George Toderici and
               Saurabh Singh and
               Sung Jin Hwang and
               Michele Covell},
  title     = {Image-Dependent Local Entropy Models for Learned Image Compression},
  volume    = {abs/1805.12295},
  year      = {2018},
  url       = {http://arxiv.org/abs/1805.12295},
  archivePrefix = {arXiv},
  eprint    = {1805.12295},
}

@article{av1improv1,
  author    = {
    Di Chen and
    Chichen Fu and
    Fengqing Zhu
  },
  title     = {AV1 Video Coding Using Texture Analysis With Convolutional Neural Networks},
  volume    = {abs/1804.09291},
  year      = {2018},
  url       = {http://arxiv.org/abs/1804.09291},
  archivePrefix = {arXiv},
  eprint    = {1804.09291},
}

@article{av1improv2,
  author    = {
    Chichen Fu and
    Di Chen and
    Edward J. Delp and
    Zoe Lui and
    Fengqing Zhu
  },
  title     = {Texture Segmentation Based Video Compression Using Convolutional Neural Networks},
  volume    = {abs/1802.02992},
  year      = {2018},
  url       = {http://arxiv.org/abs/1802.02992},
  archivePrefix = {arXiv},
  eprint    = {1802.02992},
}

@article{DBLP:journals/corr/abs-1712-01111,
  author    = {Rui Hou and
               Chen Chen and
               Mubarak Shah},
  title     = {An End-to-end 3D Convolutional Neural Network for Action Detection
               and Segmentation in Videos},
  journal   = {CoRR},
  volume    = {abs/1712.01111},
  year      = {2017},
  url       = {http://arxiv.org/abs/1712.01111},
  archivePrefix = {arXiv},
  eprint    = {1712.01111},
  timestamp = {Wed, 03 Jan 2018 12:33:17 +0100},
  biburl    = {https://dblp.org/rec/bib/journals/corr/abs-1712-01111},
  bibsource = {dblp computer science bibliography, https://dblp.org}
}

@article{DBLP:journals/corr/AhnC17,
  author    = {Byeongyong Ahn and
               Nam Ik Cho},
  title     = {Block-Matching Convolutional Neural Network for Image Denoising},
  journal   = {CoRR},
  volume    = {abs/1704.00524},
  year      = {2017},
  url       = {http://arxiv.org/abs/1704.00524},
  archivePrefix = {arXiv},
  eprint    = {1704.00524},
  timestamp = {Wed, 07 Jun 2017 14:41:19 +0200},
  biburl    = {https://dblp.org/rec/bib/journals/corr/AhnC17},
  bibsource = {dblp computer science bibliography, https://dblp.org}
}

@book{van2001vision,
  title={Vision Models and Applications to Image and Video Processing},
  author={van den Branden Lambrecht, C.J.},
  isbn={9780792374220},
  lccn={2001038212},
  url={https://books.google.com/books?id=\_s2BlAeR66YC},
  year={2001},
  publisher={Springer US}
}

@online{xiph,
  year  =        2018,
  title =        {{Xiph.org Video Test Media [derf's collection]}},
  howpublished =  {\url{https://media.xiph.org/video/derf/}},
  lastaccessed = "May 26, 2018",
}

@online{blender,
  year  =        2018,
  title =        {{Blender Open Projects}},
  howpublished =  {\url{https://www.blender.org/about/projects/}},
  lastaccessed = "June 6, 2018",
}
