@ARTICLE{5389233, 
author={P. H. Westerink and R. Rajagopalan and C. A. Gonzales}, 
journal={IBM Journal of Research and Development}, 
title={Two-pass MPEG-2 variable-bit-rate encoding}, 
year={1999}, 
volume={43}, 
number={4}, 
pages={471-488}, 
keywords={}, 
doi={10.1147/rd.434.0471}, 
ISSN={0018-8646}, 
month={July},}

@article{DBLP:journals/corr/DongLHT15,
  author    = {Chao Dong and
               Chen Change Loy and
               Kaiming He and
               Xiaoou Tang},
  title     = {Image Super-Resolution Using Deep Convolutional Networks},
  journal   = {CoRR},
  volume    = {abs/1501.00092},
  year      = {2015},
  url       = {http://arxiv.org/abs/1501.00092},
  archivePrefix = {arXiv},
  eprint    = {1501.00092},
  timestamp = {Wed, 07 Jun 2017 14:42:12 +0200},
  biburl    = {https://dblp.org/rec/bib/journals/corr/DongLHT15},
  bibsource = {dblp computer science bibliography, https://dblp.org}
}

@article{LeGall,
 author = {Le Gall, Didier},
 title = {MPEG: A Video Compression Standard for Multimedia Applications},
 journal = {Commun. ACM},
 issue_date = {April 1991},
 volume = {34},
 number = {4},
 month = apr,
 year = {1991},
 issn = {0001-0782},
 pages = {46--58},
 numpages = {13},
 url = {http://doi.acm.org/10.1145/103085.103090},
 doi = {10.1145/103085.103090},
 acmid = {103090},
 publisher = {ACM},
 address = {New York, NY, USA},
}

@article{prednet,
  author    = {William Lotter and
               Gabriel Kreiman and
               David D. Cox},
  title     = {Deep Predictive Coding Networks for Video Prediction and Unsupervised
               Learning},
  journal   = {CoRR},
  volume    = {abs/1605.08104},
  year      = {2016},
  url       = {http://arxiv.org/abs/1605.08104},
  archivePrefix = {arXiv},
  eprint    = {1605.08104},
  timestamp = {Sun, 01 Oct 2017 13:53:05 +0200},
  biburl    = {https://dblp.org/rec/bib/journals/corr/LotterKC16},
  bibsource = {dblp computer science bibliography, https://dblp.org}
}
